@article{bickel2008covariance,
  title={Covariance regularization by thresholding},
  author={Bickel, Peter J and Levina, Elizaveta},
  journal={The Annals of Statistics},
  pages={2577--2604},
  year={2008},
  publisher={JSTOR}
}
    
@article{johnstone2009consistency,
  title={On consistency and sparsity for principal components analysis in high dimensions},
  author={Johnstone, Iain M and Lu, Arthur Yu},
  journal={Journal of the American Statistical Association},
  volume={104},
  number={486},
  pages={682--693},
  year={2009},
  publisher={Taylor \& Francis}
}

@article{roweis2000nonlinear,
title={Nonlinear dimensionality reduction by locally linear embedding},
author={Roweis, Sam T and Saul, Lawrence K},
journal={science},
volume={290},
number={5500},
pages={2323--2326},
year={2000},
publisher={American Association for the Advancement of Science}
}

@techreport{bernstein2000graph,
  title={Graph approximations to geodesics on embedded manifolds},
  author={Bernstein, Mira and De Silva, Vin and Langford, John C and Tenenbaum, Joshua B},
  year={2000},
  institution={Technical report, Department of Psychology, Stanford University}
}

@article{tenenbaum2000global,
  title={A global geometric framework for nonlinear dimensionality reduction},
  author={Tenenbaum, Joshua B and De Silva, Vin and Langford, John C},
  journal={science},
  volume={290},
  number={5500},
  pages={2319--2323},
  year={2000},
  publisher={American Association for the Advancement of Science}
}

@article{belkin2003laplacian,
  title={Laplacian eigenmaps for dimensionality reduction and data representation},
  author={Belkin, Mikhail and Niyogi, Partha},
  journal={Neural computation},
  volume={15},
  number={6},
  pages={1373--1396},
  year={2003},
  publisher={MIT Press}
}
@inproceedings{belkin2007convergence,
  title={Convergence of Laplacian eigenmaps},
  author={Belkin, Mikhail and Niyogi, Partha},
  booktitle={Advances in Neural Information Processing Systems},
  pages={129--136},
  year={2007}
}


@article{maaten2008visualizing,
	title={Visualizing data using t-SNE},
	author={Maaten, Laurens van der and Hinton, Geoffrey},
	journal={Journal of Machine Learning Research},
	volume={9},
	number={Nov},
	pages={2579--2605},
	year={2008}
}
@article{coifman2005geometric,
	title={Geometric diffusions as a tool for harmonic analysis and structure definition of data: Diffusion maps},
	author={Coifman, Ronald R and Lafon, Stephane and Lee, Ann B and Maggioni, Mauro and Nadler, Boaz and Warner, Frederick and Zucker, Steven W},
	journal={Proceedings of the National Academy of Sciences of the United States of America},
	volume={102},
	number={21},
	pages={7426--7431},
	year={2005},
	publisher={National Acad Sciences}
}
@article{coifman2006diffusion,
	title={Diffusion maps},
	author={Coifman, Ronald R and Lafon, St{\'e}phane},
	journal={Applied and computational harmonic analysis},
	volume={21},
	number={1},
	pages={5--30},
	year={2006},
	publisher={Elsevier}
}

